<record><leader>00000cas a2200000   4500</leader><controlfield tag="001">4200679</controlfield><controlfield tag="008">780906c19009999mouwr ne      0   a0eng d</controlfield><datafield ind1=" " ind2=" " tag="010"><subfield code="a">sn 78006124 </subfield></datafield><datafield ind1=" " ind2=" " tag="040"><subfield code="a">NSD</subfield><subfield code="b">eng</subfield><subfield code="c">NSD</subfield><subfield code="d">MQN</subfield><subfield code="d">OCL</subfield><subfield code="d">OCLCQ</subfield></datafield><datafield ind1=" " ind2=" " tag="012"><subfield code="k">1</subfield><subfield code="l">1</subfield><subfield code="m">1</subfield></datafield><datafield ind1="1" ind2=" " tag="022"><subfield code="a">0162-671X</subfield><subfield code="l">0162-671X</subfield><subfield code="2">1</subfield></datafield><datafield ind1=" " ind2=" " tag="032"><subfield code="a">174600</subfield><subfield code="b">USPS</subfield></datafield><datafield ind1=" " ind2=" " tag="037"><subfield code="b">Elsberry Democrat, Elsberry, Missouri</subfield></datafield><datafield ind1=" " ind2=" " tag="042"><subfield code="a">nsdp</subfield></datafield><datafield ind1=" " ind2="4" tag="222"><subfield code="a">The Elsberry democrat</subfield></datafield><datafield ind1="0" ind2="0" tag="245"><subfield code="a">Elsberry democrat.</subfield></datafield><datafield ind1=" " ind2=" " tag="260"><subfield code="a">Elsberry, Mo. :</subfield><subfield code="b">Mayhall Bros.,</subfield></datafield><datafield ind1=" " ind2=" " tag="310"><subfield code="a">Weekly</subfield></datafield><datafield ind1="1" ind2=" " tag="362"><subfield code="a">Began in 1900?</subfield></datafield><datafield ind1=" " ind2=" " tag="588"><subfield code="a">Description based on: Vol. 4, no. 24 (Aug. 28, 1903).</subfield></datafield><datafield ind1=" " ind2=" " tag="752"><subfield code="a">United States</subfield><subfield code="b">Missouri</subfield><subfield code="c">Lincoln</subfield><subfield code="d">Elsberry.</subfield></datafield><datafield ind1="0" ind2="0" tag="780"><subfield code="t">Elsberry gazette</subfield></datafield><datafield ind1=" " ind2=" " tag="936"><subfield code="a">Sept. 7, 1978</subfield></datafield></record>